<?xml version="1.0" encoding="UTF-8"?><collection xmlns="http://www.loc.gov/MARC21/slim"><record><leader>00480nam--2200169-i-4500</leader><controlfield tag="001">000025736</controlfield><controlfield tag="002">20161230</controlfield><controlfield tag="005">20161230201036</controlfield><controlfield tag="008">060222s1000------------r-----000-0-eng-d</controlfield><datafield ind1=" " ind2=" " tag="040"><subfield code="a">IFIN-HH</subfield></datafield><datafield ind1=" " ind2=" " tag="080"><subfield code="a">530.1:517.1/3</subfield></datafield><datafield ind1="1" ind2=" " tag="100"><subfield code="a">Jurzak, J.P</subfield></datafield><datafield ind1="1" ind2="0" tag="245"><subfield code="a">Mathematical physics studies. vol. 7. unbounded non-commutative integration</subfield><subfield code="c">J.p. jurzak</subfield></datafield><datafield ind1=" " ind2=" " tag="260"><subfield code="a">Dordrecht</subfield><subfield code="b">D.Reidel Publ.Co</subfield><subfield code="c">1985</subfield></datafield><datafield ind1=" " ind2=" " tag="300"><subfield code="a">XX + 191 P</subfield></datafield><datafield ind1=" " ind2=" " tag="852"><subfield code="a">72663</subfield><subfield code="c">53.02</subfield></datafield><datafield ind1=" " ind2=" " tag="CAT"><subfield code="a">Sys</subfield><subfield code="c">20151021</subfield><subfield code="h">155001</subfield></datafield></record></collection>